<record><leader>00000cas a22000007a 4500</leader><controlfield tag="001">28383623</controlfield><controlfield tag="008">930706d19251941okudr ne      0    0eng d</controlfield><controlfield tag="009">15907</controlfield><datafield ind1=" " ind2=" " tag="010"><subfield code="a">sn 93066090 </subfield></datafield><datafield ind1=" " ind2=" " tag="040"><subfield code="a">OBN</subfield><subfield code="b">eng</subfield><subfield code="c">OBN</subfield><subfield code="d">OCL</subfield><subfield code="d">OCLCQ</subfield></datafield><datafield ind1="1" ind2=" " tag="029"><subfield code="a">AU@</subfield><subfield code="b">000020746638</subfield></datafield><datafield ind1=" " ind2=" " tag="042"><subfield code="a">msc</subfield></datafield><datafield ind1="0" ind2=" " tag="130"><subfield code="a">Panhandle herald (Guymon, Okla.)</subfield></datafield><datafield ind1="0" ind2="4" tag="245"><subfield code="a">The Panhandle herald.</subfield></datafield><datafield ind1=" " ind2=" " tag="260"><subfield code="a">Guymon, Okla. :</subfield><subfield code="b">G.E. Miller</subfield></datafield><datafield ind1=" " ind2=" " tag="300"><subfield code="a">v.</subfield></datafield><datafield ind1=" " ind2=" " tag="310"><subfield code="a">Daily,</subfield><subfield code="b">Nov. 23, 1933-</subfield></datafield><datafield ind1=" " ind2=" " tag="321"><subfield code="a">Weekly,</subfield><subfield code="b">Jan. 29, 1925-Nov. 16, 1933</subfield></datafield><datafield ind1="0" ind2=" " tag="362"><subfield code="a">Vol. 34, no. 49 (Jan. 29, 1925)-v. 51, no. 60 (May 7, 1941).</subfield></datafield><datafield ind1=" " ind2="4" tag="651"><subfield code="a">Guymon (Okla.)</subfield><subfield code="v">Newspapers.</subfield></datafield><datafield ind1=" " ind2="4" tag="651"><subfield code="a">Texas County (Okla.)</subfield><subfield code="v">Newspapers.</subfield></datafield><datafield ind1=" " ind2=" " tag="752"><subfield code="a">United States</subfield><subfield code="b">Oklahoma</subfield><subfield code="c">Texas</subfield><subfield code="d">Guymon.</subfield></datafield><datafield ind1="0" ind2="0" tag="780"><subfield code="t">Guymon herald</subfield><subfield code="w">(DLC)sn 86064079</subfield><subfield code="w">(OCoLC)13686129</subfield></datafield><datafield ind1="0" ind2="5" tag="780"><subfield code="t">Guymon tribune</subfield><subfield code="w">(DLC)sn 93066092</subfield><subfield code="w">(OCoLC)28383725</subfield></datafield><datafield ind1="0" ind2="7" tag="785"><subfield code="t">Texas County news</subfield><subfield code="w">(DLC)sn 93066226</subfield><subfield code="w">(OCoLC)29335589</subfield></datafield><datafield ind1="0" ind2="7" tag="785"><subfield code="t">Panhandle news-herald</subfield><subfield code="w">(DLC)sn 93066093</subfield><subfield code="w">(OCoLC)28383915</subfield></datafield><datafield ind1="0" ind2="5" tag="785"><subfield code="t">Goodwell independent</subfield><subfield code="w">(DLC)sn 93066229</subfield><subfield code="w">(OCoLC)29336013</subfield></datafield></record>